@INPROCEEDINGS{WiermanIGCC,
author={Wierman, A. and Liu, Z. and Liu, I. and Mohsenian-Rad, H.},
booktitle={IGCC},
title={Opportunities and challenges for data center demand response},
year={2014},
pages={1-10}, 
}

@inproceedings{aikema2012data,
  title={Data centres in the ancillary services market},
  author={Aikema, D. and Simmonds, R. and Zareipour, H.},
  booktitle={IGCC},
  pages={1--10},
  year={2012},
}

@article{ghatikar2012demand,
  title={Demand response opportunities and enabling technologies for data centers: Findings from field studies},
  author={Ghatikar, G. and Ganti, V. and Matson, N. and Piette, M. A.},
  journal={LBNL-5763E. pdf},
  year={2012}
}

@article{goiri2015matching,
  title={Matching renewable energy supply and demand in green datacenters},
  author={Goiri, {\'I}. and Haque, M. E and Le, K. and Beauchea, R. and Nguyen, T. D and Guitart, J. and Torres, J. and Bianchini, R.},
  journal={Ad Hoc Networks},
  volume={25},
  pages={520--534},
  year={2015},
  publisher={Elsevier}
}

@article{wangexploring,
  title={Exploring Smart Grid and Data Center Interactions for Electric Power Load Balancing},
  author={Wang, H. and Huang, J. and Lin, X. and Mohsenian-Rad, H.},
  journal={ACM SIGMETRICS Performance Evaluation Review},
  volume={41},
  number={3},
  pages={89--94},
  year={2014},
  publisher={ACM}
}

@inproceedings{wang2013data,
  title={Data Centers as Controllable Load Resources in the Electricity Market},
  author={Wang, R. and Kandasamy, N. and Nwankpa, C. and Kaeli, D. R.},
  booktitle={Intl. Conf. on Distributed Computing Systems},
  year={2013}
}

@article{chiu2012electric,
  title={Electric Grid Balancing Through Low Cost Workload Migration},
  author={Chiu, D. and Stewart, C. and McManus, B.},
  journal={SIGMETRICS Performance Evaluation Review},
  volume={40},
  number={3},
  pages={48--52},
  year={2012},
  publisher={ACM}
}

@inproceedings{liu2011greening,
  title={Greening geographical load balancing},
  author={Liu, Z. and Lin, M. and Wierman, A. and Low, S. H. and Andrew, L. L.},
  booktitle={Proceedings of the ACM SIGMETRICS},
  pages={233--244},
  year={2011},
  organization={ACM}
}

@inproceedings{lin2012online,
  title={Online algorithms for geographical load balancing},
  author={Lin, M. and Liu, Z. and Wierman, A. and Andrew, L. L.},
  booktitle={IGCC},
  pages={1--10},
  year={2012},
  organization={IEEE}
}



@inproceedings{ghamkhari2012data,
  title={Data centers to offer ancillary services},
  author={Ghamkhari, M. and Mohsenian-Rad, H.},
  booktitle={Smart Grid Communications, 3rd International Conference on},
  pages={436--441},
  year={2012},
  organization={IEEE}
}

@inproceedings{wang2013sequential,
  title={A sequential game perspective and optimization of the smart grid with distributed data centers},
  author={Wang, Y. and Lin, X. and Pedram, M.},
  booktitle={Innovative Smart Grid Technologies (ISGT)},
  pages={1--6},
  year={2013},
  organization={IEEE}
}

@inproceedings{liu2014pricing,
  title={Pricing data center demand response},
  author={Liu, Z. and Liu, I. and Low, S. and Wierman, A.},
  booktitle={ACM international conference on measurement and modeling of computer systems},
  pages={111--123},
  year={2014},
}

@inproceedings{urgaonkar2011optimal,
  title={Optimal power cost management using stored energy in data centers},
  author={Urgaonkar, R. and Urgaonkar, B. and Neely, M. J. and Sivasubramaniam, A.},
  booktitle={Proceedings of the ACM SIGMETRICS joint international conference on Measurement and modeling of computer systems},
  pages={221--232},
  year={2011},
}

@article{PSUSigmetrics12,
  title={Energy storage in datacenters: what, where, and how much?},
  author={Wang, D. and Ren, C. and Sivasubramaniam, A. and Urgaonkar, B. and Fathy, H.},
  journal={ACM SIGMETRICS Performance Evaluation Review},
  volume={40},
  number={1},
  pages={187--198},
  year={2012},
  publisher={ACM}
}

@inproceedings{aksanli2013architecting,
  title={Architecting efficient peak power shaving using batteries in data centers},
  author={Aksanli, B. and Pettis, E. and Rosing, T.},
  booktitle={Modeling, Analysis and Simulation of Computer and Telecommunication Systems (MASCOTS), IEEE 21st International Symposium on},
  pages={242--253},
  year={2013},
}

@INPROCEEDINGS{chenASPDAC,
author={Chen, H. and Caramanis, M. C. and Coskun, A. K.},
booktitle={Design Automation Conference (ASP-DAC), IEEE 19th Asia and South Pacific},
title={The data center as a grid load stabilizer},
year={2014},
pages={105-112},
}

@inproceedings{chendynamic,
  title={Dynamic Server Power Capping for Enabling Data Center Participation in Power Markets},
  author={Chen, H. and Hankendi, C. and Caramanis, M. C. and Coskun, A. K.},
  booktitle={Intl. Conf. on Computer-Aided Design (ICCAD)},
  year={2013}
}

@inproceedings{brocanelli2013joint,
  title={Joint management of data centers and electric vehicles for maximized regulation profits},
  author={Brocanelli, M. and Li, S. and Wang, X. and Zhang, W.},
  booktitle={IGCC},
  pages={1--10},
  year={2013},
}

@INPROCEEDINGS{chenIGCC,
author={Chen, 	H. and Caramanis, M. C. and Coskun, A. K.},
booktitle={IEEE International Green Computing Conference (IGCC)},
title={Reducing the data center electricity costs through participation in smart grid programs},
year={2014},
pages={1-10},
}

@article{GoogleAdv,
title={FERC Order Granting Market-Based Rate Authorization},
author={Google Energy},
journal={Federal Energy Regulatory Commission},
year={2010},
}

@article{WLLSMS,
author={Oak Ridge National Laboratory},
title={{WL-LSMS Benchmark}},
journal={\url{https://www.olcf.ornl.gov/wp-content/training/electronic-structure-2012/Eisenbach_OakRidge_February.pdf}},
year={2013},
}

@article{siano2014demand,
  title={Demand response and smart grids? A survey},
  author={Siano, P.},
  journal={Renewable and Sustainable Energy Reviews},
  volume={30},
  pages={461--478},
  year={2014},
  publisher={Elsevier}
}

 
@inproceedings{clausen2014load,
  title={Load management of data centers as regulation capacity in Denmark},
  author={Clausen, A. and Ghatikar, G. and Jorgensen, B.N.},
  booktitle={Green Computing Conference (IGCC), 2014 International},
  pages={1--10},
  year={2014},
  organization={IEEE}
}

@article{DC4Cities,
author={European Union},
journal={\url{http://www.dc4cities.eu/en/}},
title={DC4Cities},
year=2015
}
 
