@article{BatesESP,
year={2015},
issn={0170-6012},
journal={Informatik-Spektrum},
volume={38},
number={2},
doi={10.1007/s00287-014-0850-0},
title={{Electrical Grid and Supercomputing Centers: An Investigative Analysis of Emerging Opportunities and Challenges}},
url={http://dx.doi.org/10.1007/s00287-014-0850-0},
publisher={Springer Berlin Heidelberg},
author={Bates, Natalie and Ghatikar, Girish and Abdulla, Ghaleb and Koenig, Gregory A. and Bhalachandra, Sridutt and Sheikhalishahi, Mehdi and Patki, Tapasya and Rountree, Barry and Poole, Stephen},
pages={111-127},
language={English}
}


@inproceedings{patterson2013tue,
  title={{TUE, a new energy-efficiency metric applied at ORNL's jaguar}},
  author={Patterson, Michael K and Poole, Stephen W and Hsu, Chung-Hsing and Maxwell, Don and Tschudi, William and Coles, Henry and Martinez, David J and Bates, Natalie},
  booktitle={Supercomputing},
  pages={372--382},
  year={2013},
  organization={Springer}
}

@misc{SmartGrid,
author={US Department of Energy},
title={{Smart Grid}},
year={2015},
note={\url{https://www.smartgrid.gov/the_smart_grid/smart_grid}},
}

@inproceedings{Top500,
title = {{T}op500 {S}upercomputer {S}ites},
month = {November},
year = {2014},
note = {\url{http://www.top500.org/lists/2014/11}}
}
